<collection xmlns="http://www.loc.gov/MARC21/slim"><record><leader>00769nam  2200241   450</leader><controlfield tag="001">63</controlfield><controlfield tag="003">http://montalegre.opacnet.com/OPAC/default.aspx?ContentAreaControl=ShowRegHoldings.ascx&amp;RegNo=16662</controlfield><controlfield tag="005">20</controlfield><datafield tag="021" ind1=" " ind2=" "><subfield code="a">PT</subfield><subfield code="b">19554/88</subfield></datafield><datafield tag="100" ind1=" " ind2=" "><subfield code="a">20061013d1988    m  y0pory0103    ba</subfield></datafield><datafield tag="101" ind1="1" ind2=" "><subfield code="a">por</subfield><subfield code="c">fre</subfield></datafield><datafield tag="102" ind1=" " ind2=" "><subfield code="a">PT</subfield></datafield><datafield tag="200" ind1="1" ind2=" "><subfield code="a">&lt;Os &gt;paraísos artificiais</subfield><subfield code="f">Charles Baudelaire</subfield><subfield code="g">trad. José Saramago</subfield></datafield><datafield tag="205" ind1=" " ind2=" "><subfield code="a">3ª ed</subfield></datafield><datafield tag="210" ind1=" " ind2=" "><subfield code="a">Lisboa</subfield><subfield code="c">Estampa</subfield><subfield code="d">D.L. 1988</subfield></datafield><datafield tag="215" ind1=" " ind2=" "><subfield code="a">211, [4] p.</subfield><subfield code="d">19 cm</subfield></datafield><datafield tag="225" ind1="2" ind2=" "><subfield code="a">Livro B</subfield><subfield code="v">10</subfield></datafield><datafield tag="304" ind1=" " ind2=" "><subfield code="a">Tít. orig.: Les paradis artificiels</subfield></datafield><datafield tag="675" ind1=" " ind2=" "><subfield code="a">821</subfield></datafield><datafield tag="700" ind1=" " ind2="1"><subfield code="a">Baudelaire</subfield><subfield code="b">Charles</subfield><subfield code="f">1821-1867</subfield></datafield><datafield tag="702" ind1=" " ind2="1"><subfield code="a">Saramago</subfield><subfield code="b">José</subfield><subfield code="f">1922-</subfield><subfield code="4">730</subfield></datafield><datafield tag="801" ind1=" " ind2="0"><subfield code="a">PT</subfield><subfield code="b">Biblioteca Municipal de Montalegre</subfield><subfield code="g">RPC</subfield></datafield><datafield tag="856" ind1=" " ind2=" "><subfield code="u">locateMedia.asp?cod=20060508113428&amp;ext=jpg</subfield><subfield code="z">CAPA</subfield></datafield><datafield tag="909" ind1="&#9;" ind2=" "><subfield code="a">1</subfield></datafield><datafield tag="966" ind1=" " ind2=" "><subfield code="a">0008714</subfield><subfield code="l">BMM</subfield><subfield code="s">SCG 821 BAU par 10</subfield></datafield></record></collection>